<?xml version="1.0" encoding="UTF-8"?><collection xmlns="http://www.loc.gov/MARC21/slim"><record><leader>00305nam--2200121-i-4500</leader><controlfield tag="001">000025228</controlfield><controlfield tag="002">20161230</controlfield><controlfield tag="005">20161230201035</controlfield><controlfield tag="008">060222s1000------------r-----000-0-eng-d</controlfield><datafield ind1=" " ind2=" " tag="100"><subfield code="a">Halle, E.Von, Drury, J.S</subfield></datafield><datafield ind1=" " ind2=" " tag="245"><subfield code="a">Enrichment of oxygen-17</subfield></datafield><datafield ind1=" " ind2=" " tag="260"><subfield code="a">Washington, Atomic Energy Commission</subfield></datafield><datafield ind1=" " ind2=" " tag="852"><subfield code="a">11962</subfield></datafield></record></collection>